3575 5850
316 462 568 514 CEMENTRIUS.

1068 460 1319 512 CAMERARIUS.
1530 459 1565 514 27

144 670 393 742 teutmarus
417 671 577 740 trimano
601 671 733 741 totana.
749 672 803 736 Ex
839 669 978 757 Lipsiae,
1013 673 1045 735 in
1081 669 1165 778 offic:
1204 670 1402 754 Voegeliana
1439 671 1553 753 (1563)

72 761 209 826 historia
238 759 327 826 cirili
361 761 400 825 de
431 761 596 826 obsidione
627 761 802 826 Viennensi
839 781 869 822 w
892 763 961 824 8ce.

71 851 163 916 Anni
188 850 422 936 M.D.XXIX,
439 873 510 915 eum
535 852 658 936 nuperi,
678 872 803 935 compa.
892 849 1056 915 Dedylraeya
1073 849 1248 900 Constantino
1267 849 1374 914 Georgii
1387 847 1441 900 filio
1454 848 1564 898 illustris

72 955 147 1003 rata
179 938 387 1024 disputabunt
414 939 541 1025 publice
573 960 698 1024 praeses
727 938 800 1004 Chr.

71 1027 178 1092 Andr.
203 1027 333 1093 Siberus
349 1039 381 1094 et
396 1051 478 1114 resp.
502 1027 573 1094 Joh.
598 1027 803 1092 Erdmannus

72 1117 281 1182 Camentzius
365 1120 458 1183 1684.
488 1117 732 1200 Wittenbergae
756 1116 800 1180 lit.

73 1205 193 1270 Matth.
218 1205 399 1270 Heuckelii.
425 1230 453 1269 w
476 1211 543 1272 4ce.

144 1311 390 1382 castanetus
415 1311 534 1381 oswiu.
566 1312 647 1376 Auff
666 1311 732 1376 Hn.
757 1311 801 1375 M.

71 1401 95 1464 J
97 1400 241 1464 ohannes
253 1400 429 1467 Herbinius
439 1403 571 1466 Rectors
585 1424 625 1465 zu
637 1401 802 1465 Bitscben:

71 1489 144 1553 und
182 1489 360 1574 Iungfraun
404 1491 522 1555 Arinen
560 1491 685 1555 Marien
723 1491 801 1554 Tur·

71 1577 188 1641 bianin
210 1577 376 1665 Hocbzeit‚
401 1579 524 1646 (111101-
548 1579 614 1643 und
639 1577 788 1644 Frendeu

71 1753 140 1817 wid
171 1754 383 1820 Camerarius.
421 1758 492 1821 Den
522 1758 560 1821 21
597 1757 674 1845 May
712 1759 802 1822 1658.

73 1842 247 1910 Gedruekt
285 1867 358 1909 aum
395 1845 501 1929 Brieg,
547 1867 610 1908 von
650 1845 807 1910 Christoff

70 1933 229 1997 Tseborn.
254 1956 284 1997 w
307 1938 375 2015 dee,
401 1935 475 2000 liert
502 1934 532 1998 2.

608 2023 766 2076 Wrooiaws.

144 2109 392 2179 caussantes
414 2110 598 2181 loactirnus
619 2110 804 2176 zBamber-

908 919 1026 971 familiae
1039 920 1240 972 Chodkowiciae
1258 921 1286 971 in
1306 927 1383 985 gente
1395 919 1564 975 Lithuanica.

906 1029 948 1036 —
965 989 1146 1076 Disciplina
1161 1006 1193 1055 et
1209 991 1363 1055 institutio
1379 1012 1562 1075 puerorum,

839 1100 877 1142 ex
900 1081 1026 1164 optimis
1041 1079 1221 1166 quibusque
1241 1079 1407 1143 autoribus
1422 1078 1564 1162 collecta,

839 1168 913 1232 item
937 1180 1108 1255 praecepta
1129 1170 1215 1233 vitae
1240 1165 1377 1252 puerilis.
1407 1168 1563 1253 Dentisci‚

839 1257 925 1341 apud
949 1257 1106 1322 Jacobnm
1132 1256 1288 1322 Rhodum.
1304 1258 1402 1322 Anno
1420 1258 1516 1323 1586.
1534 1278 1564 1318 w

840 1347 910 1430 See,
935 1347 977 1410 22
1002 1347 1076 1410 kart
1097 1345 1163 1410 nlb.

907 1471 948 1481 -
984 1435 1146 1500 Historica
1180 1437 1318 1498 narratio
1352 1435 1393 1498 de
1425 1434 1562 1498 fratrum

839 1521 1088 1588 orthodoxorum
1110 1523 1249 1588 ecclesiis
1267 1527 1299 1586 in
1316 1524 1479 1599 Bohemia,
1497 1523 1565 1586 Mo-

72 1666 234 1751 Wunsch,
266 1666 408 1733 welchen
439 1668 645 1733 ubersehickt
668 1669 712 1731 M.
738 1668 803 1732 Da·
838 1614 1160 1767 ῗέὲέῧεὲξυξΐίἓὲωἷ
1190 1634 1276 1676 ΠΠΠΟ
1305 1635 1441 1696 prunum
1469 1610 1563 1675 edm·

1137 1726 1207 1766 earn
1224 1711 1255 1765 et
1273 1701 1335 1765 alia
1350 1700 1488 1786 quedam
1512 1721 1564 1763 co·

839 1791 981 1873 gnitioue
1005 1789 1201 1876 dignissime,
1226 1814 1307 1877 quae
1322 1792 1470 1876 proxima
1492 1799 1564 1874 post

839 1879 1067 1962 praefationem
1090 1882 1207 1965 pagina
1222 1878 1333 1945 ordine
1349 1889 1564 1943 recensentur.

839 1967 891 2030 Ex
925 1967 1116 2033 bibliotheca
1146 1968 1305 2034 Ludoviei
1335 1967 1510 2034 Camerarii
1532 1967 1563 2031 J.

839 2054 875 2120 O.
909 2056 1145 2142 Heidelbergae
1176 2058 1261 2146 typis
1294 2054 1488 2140 Vogelianis
1525 2055 1563 2118 B.

73 2221 120 2280 gu
145 2200 424 2285 (Pabepergensis)
448 2205 505 2280 (ur.
533 2199 804 2286 15001sijp,
839 2167 931 2298 {gissi-
949 2145 1037 2313 {plr-
1062 2148 1186 2228 (1605).
1218 2171 1244 2208 w
1269 2151 1338 2229 boe,
1368 2157 1422 2209 str.
1455 2143 1565 2208 448.i

1001 2285 1011 2316 ,
1040 2234 1107 2298 ark.
1137 2258 1180 2298 na
1203 2233 1358 2322 prnodzie.

73 2287 139 2352 Sku
166 2290 273 2368 1574).
297 2288 464 2374 COlquUla
485 2289 641 2376 quaedam
659 2287 802 2393 puerili-{²²
891 2324 1010 2389 Przypis.
1034 2325 1205 2389 Maurycemu
1229 2323 1405 2388 landgrafowi
1428 2321 1566 2373 heskiemu

74 2376 177 2440 latino
206 2377 391 2460 germanica
425 2377 580 2444 Ioachimi
613 2379 801 2464 Gamerarq,

927 2410 1003 2459 przea
1021 2395 1154 2446 Ludwika
1172 2396 1377 2446 Camerariueza.

74 2475 107 2528 et
132 2465 205 2530 Joh:
230 2465 388 2531 Ludoviei
411 2467 513 2533 Vivis.
538 2467 674 2532 Adiecta
697 2469 801 2531 estin
890 2465 987 2516 Jochor
1005 2464 1084 2518 9878-
1105 2467 1202 2518 orasse
1221 2468 1323 2517 Treaor.
1345 2465 1376 2516 11-
1396 2462 1438 2514 25·

74 2553 212 2635 gratiam
239 2555 420 2640 juventutis
455 2557 671 2621 Dentiscanae
705 2557 801 2621 inter-

1092 2537 1180 2588 Almd.
1201 2566 1233 2575 —
1254 2539 1370 2588 Czartor.
1392 2563 1424 2570 —
1444 2534 1530 2586 Ossol.

74 2642 214 2726 pretatio
244 2643 401 2730 polonica,
433 2627 605 2709 aNicola'o
636 2643 801 2710 Volkmar.
904 2662 947 2670 -·
970 2624 1051 2690 Τθὶῑ
1132 2625 1239 2689 Editio
1263 2624 1335 2689 2da·
1360 2621 1565 2686 Frassfflfurti

73 2731 226 2795 Dantisci
262 2731 443 2798 excudebet
487 2733 623 2798 Iacobus
660 2732 797 2799 Rhodus
840 2715 933 2778 1625·
962 2736 992 2777 W
1014 2717 1083 2778 3⁰0·

77 2821 173 2886 1594.
197 2843 227 2884 w
250 2823 318 2905 Boe,
344 2837 396 2886 etr.
420 2823 494 2887 258.
659 2840 764 2891 uranie.

891 2803 915 2854 0
938 2809 994 2868 tym
1017 2803 1166 2868 przedrulru
1192 2804 1263 2868 pisae
1285 2803 1408 2866 Niceros,
1425 2798 1563 2852 Memoiree

926 2875 957 2925 T.
976 2875 1049 2927 xlx.
1069 2882 1114 2927 str.
1140 2875 1194 2927 120.

145 2964 186 2973 -
210 2927 317 2991 Tenle
340 2928 442 3013 tytili:
535 2927 616 2993 Cum
645 2928 747 3011 gratia
771 2938 802 2993 et
891 2945 927 2994 W
945 2946 1053 2997 Zbiorze
1076 2954 1132 3012 tym
1156 2964 1187 3013 sq
1210 2945 1287 3012 prdcz
1310 2942 1492 3009 opowiedauia
1517 2941 1566 2991 Ca-

72 3014 246 3100 priuilegio
270 3016 300 3081 S.
316 3017 353 3081 R.
371 3016 413 3081 M.
430 3018 585 3101 Dentiscj.
611 3016 803 3082 Exeudebat

71 3104 235 3168 Martinus
274 3104 414 3173 Rhodus
441 3106 651 3172 M.DO.XIII
680 3107 801 3191 (1613).

72 3218 102 3257 w
131 3196 200 3277 See,
225 3192 256 3259 k.
281 3197 310 3258 7.
333 3202 387 3258 str.
413 3195 488 3260 245.

130 3300 259 3351 Volkmar
291 3299 421 3366 dedykuje
449 3301 574 3353 Michaeli
599 3302 663 3354 Kerl
687 3310 713 3353 et
731 3304 803 3353 Hen-

166 3372 221 3423 rieo
240 3371 467 3423 Schrnartrvueld
486 3373 606 3437 patriciis
621 3375 803 3437 Dentiscanis,

166 3460 191 3493 w
213 3443 280 3494 roku
310 3441 385 3495 1594.
413 3446 473 3495 Jest
498 3460 585 3495 ranem
614 3443 655 3495 16.
683 3444 802 3496 ronmbw.

169 3513 335 3565 Praedmows
362 3514 371 3562 i
398 3515 492 3579 rejestr
519 3532 548 3581 sa
576 3516 738 3567 drukowane
768 3531 805 3565 na

166 3584 283 3651 lepsaym
302 3586 429 3651 papierue.

130 3656 247 3708 Lukasn.
267 3656 300 3709 H.
321 3657 376 3707 sair.
396 3657 418 3708 1.
437 3654 498 3709 424.
660 3657 767 3723 Jagiell.

144 3782 187 3791 -
211 3742 557 3809 Commentatiuncula:
581 3744 653 3809 Non
679 3768 746 3808 esse
763 3766 804 3809 ex

74 3832 204 3899 eventis
235 3833 275 3899 de
307 3833 444 3897 consiliis
475 3832 718 3918 actionibusque
750 3833 803 3897 ho-

73 3922 201 3989 minum
225 3922 510 4008 pronuntiandum:
530 3922 570 3985 de
587 3922 717 3986 exordio
733 3946 805 3985 ver-

72 4034 132 4075 sus
156 4010 322 4077 Ovidiani:
348 4010 465 4075 Exitus
488 4023 560 4075 acta
584 4010 706 4095 probat.
730 4012 804 4098 Lip-

73 4101 144 4163 siae
166 4098 391 4164 MDLXXIX
416 4102 538 4179 (1579).
575 4100 638 4181 (Na
667 4100 804 4179 leodem)

76 4188 216 4272 Lipsiae,
229 4186 432 4273 imprimebat
445 4188 588 4253 Joannes
605 4188 802 4253 Steinmunu.

74 4278 175 4339 Anno
206 4275 442 4340 MDLXXIX.
474 4300 504 4340 w
535 4280 604 4362 8ee,
637 4286 691 4341 str.
717 4280 769 4343 39.
795 4280 804 4340 i

131 4453 211 4503 Ded:
238 4454 337 4506 Joanni
355 4470 372 4504 u
390 4454 500 4503 Cracew
524 4453 685 4505 adolescenti
711 4453 805 4505 nobili-

167 4531 222 4575 tate
242 4526 344 4590 generis
367 4526 496 4589 equestris
521 4526 619 4576 virtute
645 4526 732 4576 studio
751 4527 803 4591 pie·

167 4597 231 4647 tatis
250 4597 455 4661 honestatisque.
654 4598 768 4649 Cnartor.

146 4722 183 4731 -
212 4682 369 4769 Dialogus
400 4684 440 4748 de
467 4687 534 4749 vita
565 4684 697 4749 decente
721 4696 805 4747 neta-

77 4786 142 4837 tem
183 4772 347 4858 puerilem,
387 4772 536 4858 quodque
571 4774 630 4837 hoc
664 4772 805 4839 studium

78 4864 150 4925 Deo
174 4860 309 4947 placeat,
333 4884 405 4926 curn
435 4862 699 4946 respondentibus
727 4864 801 4945 ligu-

77 4952 122 5014 ris
145 4949 340 5035 quibusdam
364 4952 548 5015 Germanici
564 4960 596 5014 et
611 4950 718 5015 Latini
743 4974 806 5013 ser-

77 5040 194 5103 monis.
218 5038 309 5120 Quae
340 5040 446 5103 omnia
476 5062 563 5105 nunc
593 5040 735 5123 primurn.
753 5062 804 5102 ex-

78 5150 190 5214 pressa
213 5139 297 5193 sunt.
330 5128 404 5212 (Ed.
429 5150 449 5193 a
471 5127 554 5194 Lud.
579 5123 804 5211 Camerarius).

926 3019 1078 3081 mererinia,
1098 3019 1177 3069 talete
1190 3026 1215 3068 te
1228 3018 1326 3082 pisma:
1346 3016 1373 3079 a)
1387 3013 1493 3064 Esronis
1512 3014 1565 3062 Ru-

929 3088 1023 3153 digerii
1042 3090 1122 3154 Ppeb.
1137 3092 1205 3140 Prof.
1225 3090 1265 3138 De
1284 3089 1396 3137 fratrum
1416 3084 1516 3135 orthod.
1536 3084 1564 3132 iu

928 3158 1033 3211 Bohem.
1053 3167 1080 3211 et
1102 3161 1166 3211 Mor.
1193 3158 1337 3210 ecclesiolis
1363 3153 1566 3206 narratiuncula

929 3231 1028 3294 scripta
1046 3231 1185 3282 Evanaiaii
1203 3231 1230 3279 in
1249 3228 1369 3278 Moravia
1387 3244 1410 3277 a.
1432 3225 1510 3278 1579.
1531 3254 1564 3261 -

929 3300 956 3368 b)
979 3302 1043 3352 Vita
1067 3309 1093 3351 et
1117 3318 1186 3351 mors
1210 3300 1269 3350 Joh.
1295 3299 1377 3348 Hussi
1401 3297 1512 3349 bohemi.
1532 3325 1563 3333 -

930 3374 955 3434 c)
974 3372 1014 3422 De
1033 3373 1125 3423 ultimo
1145 3372 1274 3436 supplicio
1292 3371 1401 3421 Hieron.
1415 3368 1565 3433 Pragensis.

930 3472 963 3479 —
984 3444 1013 3506 d)
1032 3444 1154 3493 Narratio
1172 3442 1267 3507 Poggii
1285 3440 1432 3491 Florentini
1451 3440 1484 3489 de
1502 3440 1565 3489 Hie·

929 3516 1032 3577 ronymi
1059 3514 1199 3579 Pragensis
1227 3512 1300 3562 obitu
1325 3519 1350 3563 et
1377 3512 1508 3576 supplicio
1531 3511 1566 3561 ad

931 3587 1097 3636 Leonardum
1120 3586 1266 3645 Aretinum‚
1295 3599 1355 3633 cum
1378 3584 1436 3646 ejus
1461 3597 1565 3645 respon-

929 3657 1010 3707 sione.
1031 3684 1063 3693 -
1083 3660 1107 3713 e)
1127 3657 1218 3707 Oratio
1243 3655 1275 3704 de
1293 3654 1429 3705 hussiticis
1453 3655 1566 3703 motibus

930 3728 1041 3778 recitata
1053 3727 1088 3777 ab
1100 3728 1229 3777 Michaele
1247 3726 1359 3777 Slavata
1377 3728 1488 3775 Restare
1507 3722 1564 3774 cm.

929 3800 993 3848 Maii
1014 3797 1090 3849 1572.
1110 3826 1142 3835 -
1167 3797 1187 3863 f)
1207 3800 1247 3847 De
1272 3798 1371 3862 origine
1395 3795 1567 3846 ecclesiarum

930 3870 1069 3921 Bohemiae
1088 3875 1138 3919 etc.
1152 3876 1179 3919 et
1191 3868 1400 3918 confessionibus
1414 3866 1493 3917 abiis
1511 3865 1562 3917 edi·

930 3941 973 3992 tis.
1001 3968 1034 3975 —
1055 3942 1082 4003 g)
1097 3940 1236 3990 Methodus
1254 3955 1335 4003 quarn
1353 3941 1494 3990 observent
1512 3937 1566 3987 fre·

930 4019 991 4069 tres,
1009 4009 1090 4075 vulgo
1109 4012 1263 4060 Waldenaes
1285 4009 1356 4071 dicti,
1381 4010 1409 4059 in
1429 4008 1566 4072 eligendis,

930 4082 1090 4143 ordinandis,
1110 4091 1137 4131 et
1155 4080 1338 4131 confirmandis
1358 4080 1413 4130 suis
1431 4076 1566 4129 ministris.

930 4153 957 4217 h)
975 4152 1096 4217 Epistola
1119 4154 1230 4202 fratmm
1249 4151 1284 4202 ad
1303 4150 1344 4202 lll.
1370 4150 1514 4215 principem
1532 4150 1567 4199 E·

929 4225 1054 4274 lectorem
1081 4224 1245 4273 Fridericum
1270 4221 1320 4272 lll.
1339 4221 1372 4273 de
1399 4220 1566 4271 cantionibus

931 4297 959 4345 in
971 4295 1087 4359 ipsorum
1105 4295 1224 4345 ecelesiis
1242 4293 1355 4343 usitatis.
1374 4320 1404 4328 -
1421 4292 1439 4356 i)
1452 4294 1492 4341 De
1505 4306 1566 4341 can·

929 4367 1045 4416 tionibus
1064 4366 1155 4427 sacris,
1169 4366 1239 4414 iuter
1251 4364 1345 4413 fratres
1365 4363 1504 4425 consuetis,
1523 4363 1567 4411 de-

930 4454 980 4502 que
1000 4444 1056 4487 tota
1074 4436 1283 4486 Christianorum
1301 4435 1410 4495 musica,
1434 4448 1568 4497 ronprawa

930 4508 1063 4567 littdigera
1086 4510 1232 4572 professore
1254 4508 1263 4555 i
1288 4507 1321 4555 do
1347 4513 1404 4569 tego
1431 4504 1568 4569 przydany

928 4581 983 4644 jest
1001 4580 1094 4628 Joech.
1113 4578 1255 4627 Camerarii
1274 4577 1386 4640 epistola
1399 4576 1432 4626 ad
1446 4576 1567 4624 omatiss.

931 4654 1060 4701 Juvenem
1089 4648 1184 4698 leniam
1213 4648 1365 4711 Caepollum
1388 4648 1461 4711 Lips.
1492 4643 1566 4696 1569.

983 4719 1011 4781 k)
1030 4720 1070 4768 lle
1090 4719 1190 4767 excidio
1209 4719 1379 4783 reliquiarum
1396 4717 1568 4767 Valdensium

931 4798 958 4838 ct
984 4790 1167 4854 Albigentium
1197 4789 1345 4838 Merindolii
1370 4795 1396 4839 et
1422 4789 1450 4838 in
1474 4787 1569 4837 vicinis

931 4862 995 4910 locis
1014 4861 1164 4925 provinciae
1183 4864 1232 4910 sub
1250 4876 1311 4924 roge
1325 4858 1472 4909 Galliarum
1486 4858 1569 4907 Pran-

931 4932 1001 4982 ciseo
1020 4933 1041 4981 l.
1060 4932 1179 4994 lugubris
1198 4933 1323 4981 narratio.
1344 4959 1376 4966 -
1390 4930 1409 4986 lt
1424 4930 1495 4979 Petri
1510 4930 1567 4978 We·

930 5002 1046 5053 eenbecii
1069 5002 1159 5053 Oratio
1185 5004 1217 5053 de
1240 5002 1428 5053 Waldensibas
1450 5007 1477 5049 et
1494 4999 1568 5049 Albi·

931 5076 1056 5138 gensibus
1084 5074 1244 5133 christianis,
1273 5076 1358 5124 denae
1389 5088 1458 5123 anno
1488 5068 1566 5135 1586,

931 5144 1031 5197 habita
1051 5173 1084 5181 —
1103 5144 1124 5212 1)
1142 5144 1183 5194 De
1208 5145 1301 5195 iisdem
1316 5143 1502 5210 Albigensibus
1527 5142 1567 5193 iu·
